<?xml version="1.0" encoding="UTF-8"?><record xmlns="http://www.loc.gov/MARC21/slim" xmlns:cinclude="http://apache.org/cocoon/include/1.0" xmlns:zs="http://www.loc.gov/zing/srw/">
  <leader>00528nz  a2200133n  4500</leader>
  <controlfield tag="001">no 93033265 </controlfield>
  <controlfield tag="003">DLC</controlfield>
  <controlfield tag="005">19931112162706.9</controlfield>
  <controlfield tag="008">931103n| acannaab|          |a ana     c</controlfield>
  <datafield tag="010" ind1=" " ind2=" ">
    <subfield code="a">no 93033265 </subfield>
  </datafield>
  <datafield tag="040" ind1=" " ind2=" ">
    <subfield code="a">TxU</subfield>
    <subfield code="c">TxU</subfield>
  </datafield>
  <datafield tag="110" ind1="2" ind2="0">
    <subfield code="a">Sociedad Mexicana Sanitaria y Moral</subfield>
  </datafield>
  <datafield tag="410" ind1="2" ind2="0">
    <subfield code="a">Sociedad Mexicana de Profilaxis Sanitaria y Moral</subfield>
  </datafield>
  <datafield tag="670" ind1=" " ind2=" ">
    <subfield code="a">Amigo de la juventud (Mexico City, Mexico : 1913), abr. de 1913:</subfield>
    <subfield code="b">t.p. (Sociedad Mexicana Sanitaria y Moral; MeĚxico); mayo de 1913: p. 2 (Sociedad Mexicana de Profilaxis Sanitaria y Moral)</subfield>
  </datafield>
</record>